<record xmlns='info:lc/xmlns/marcxchange-v1' xmlns:xsi='http://www.w3.org/2001/XMLSchema-instance' xsi:schemaLocation='info:lc/xmlns/marcxchange-v1 http://www.loc.gov/standards/iso25577/marcxchange-1-1.xsd'><leader>00000     22000000 4500 </leader><datafield ind1='0' ind2='0' tag='001'><subfield code='a'>62451157</subfield><subfield code='b'>191919</subfield><subfield code='c'>20220505111649</subfield><subfield code='d'>20220404</subfield><subfield code='f'>a</subfield></datafield><datafield ind1='0' ind2='0' tag='004'><subfield code='r'>n</subfield><subfield code='a'>e</subfield></datafield><datafield ind1='0' ind2='0' tag='008'><subfield code='t'>m</subfield><subfield code='u'>f</subfield><subfield code='a'>2022</subfield><subfield code='b'>dk</subfield><subfield code='d'>y</subfield><subfield code='l'>dan</subfield><subfield code='n'>b</subfield><subfield code='x'>06</subfield><subfield code='w'>1</subfield><subfield code='v'>0</subfield></datafield><datafield ind1='0' ind2='0' tag='009'><subfield code='a'>a</subfield><subfield code='g'>xe</subfield></datafield><datafield ind1='0' ind2='0' tag='021'><subfield code='e'>9788740078107</subfield></datafield><datafield ind1='0' ind2='0' tag='032'><subfield code='x'>ACC202214</subfield><subfield code='a'>DBF202220</subfield><subfield code='x'>BKM202220</subfield></datafield><datafield ind1='0' ind2='0' tag='100'><subfield code='a'>Kristensen</subfield><subfield code='h'>Michelle</subfield><subfield code='4'>aut</subfield></datafield><datafield ind1='0' ind2='0' tag='245'><subfield code='a'>Sund hverdag</subfield><subfield code='c'>tab dig uden kur - eller hold vægten</subfield><subfield code='c'>den store MK grundbog</subfield></datafield><datafield ind1='0' ind2='0' tag='250'><subfield code='a'>1. e-bogsudgave</subfield><subfield code='b'>÷</subfield></datafield><datafield ind1='0' ind2='0' tag='260'><subfield code='b'>Politiken</subfield><subfield code='g'>[sælges på internettet]</subfield><subfield code='c'>2022</subfield></datafield><datafield ind1='0' ind2='0' tag='300'><subfield code='b'>Ill. i farver</subfield></datafield><datafield ind1='0' ind2='0' tag='504'><subfield code='&amp;'>1</subfield><subfield code='a'>Kogebog med inspiration til dig, der enten vil slanke dig eller spise sundt baseret på &quot;MK principperne&quot;. Anbefales alle med interesse for sund kost</subfield></datafield><datafield ind1='0' ind2='0' tag='512'><subfield code='a'>Downloades i EPUB-format</subfield></datafield><datafield ind1='0' ind2='0' tag='530'><subfield code='&amp;'>1</subfield><subfield code='a'>Indhold: Sådan kan mine kiksede slankekure hjælpe dig ; MK principperne til vægttab og sundhed ; MK principperne til dig med særlige behov ; Mål dine fremskridt ; Gør det nemt for dig selv ; Vind over udfordringerne ; Morgenmad ; Frokost ; Snack ; Aftensmad ; Dessert</subfield></datafield><datafield ind1='0' ind2='0' tag='652'><subfield code='m'>64.14</subfield></datafield><datafield ind1='0' ind2='0' tag='666'><subfield code='f'>ernæring</subfield></datafield><datafield ind1='0' ind2='0' tag='666'><subfield code='f'>kostplaner</subfield></datafield><datafield ind1='0' ind2='0' tag='666'><subfield code='f'>slankeretter</subfield></datafield><datafield ind1='0' ind2='0' tag='666'><subfield code='f'>slankekost</subfield></datafield><datafield ind1='0' ind2='0' tag='666'><subfield code='f'>vægttab</subfield></datafield><datafield ind1='0' ind2='0' tag='666'><subfield code='o'>kostvejledninger</subfield></datafield><datafield ind1='0' ind2='0' tag='666'><subfield code='o'>opskrifter</subfield></datafield><datafield ind1='0' ind2='0' tag='666'><subfield code='o'>kogebøger</subfield></datafield><datafield ind1='0' ind2='0' tag='900'><subfield code='a'>Nørgꜳrd Kristensen</subfield><subfield code='h'>Michelle</subfield><subfield code='x'>se også under det senere navn</subfield><subfield code='w'>Kristensen, Michelle</subfield><subfield code='z'>100</subfield></datafield><datafield ind1='0' ind2='0' tag='990'><subfield code='b'>v</subfield><subfield code='b'>l</subfield><subfield code='u'>nt</subfield></datafield><datafield ind1='0' ind2='0' tag='996'><subfield code='a'>DBC</subfield></datafield><datafield ind1='0' ind2='0' tag='d08'><subfield code='f'>dra</subfield><subfield code='a'>Forventet udgivelsesdato 05-04-2022</subfield><subfield code='o'>evte</subfield><subfield code='k'>nk</subfield></datafield><datafield ind1='0' ind2='0' tag='d70'><subfield code='b'>Publizon</subfield></datafield><datafield ind1='0' ind2='0' tag='f07'><subfield code='a'>62448903</subfield><subfield code='n'>autoLU</subfield></datafield><datafield ind1='0' ind2='0' tag='f21'><subfield code='a'>http://dmat.dbc.dk/eVALU/get.php?isbn=9788740078107</subfield><subfield code='l'>Publizon</subfield><subfield code='f'>https://images.pubhub.dk/01/492f01d1-5938-4d1a-85ac-e0e6285e0c08.png</subfield><subfield code='a'>http://samples.pubhub.dk/9788740078107.epub</subfield><subfield code='n'>9788740078107</subfield></datafield><datafield ind1='0' ind2='0' tag='s12'><subfield code='t'>TeamBAC202217</subfield></datafield><datafield ind1='0' ind2='0' tag='z98'><subfield code='a'>Minus korrekturprint</subfield></datafield><datafield ind1='0' ind2='0' tag='z99'><subfield code='a'>evte</subfield></datafield></record>
